@book{ertel2016,
    title = {Grundkurs K\"unstliche Intelligenz},
    author = {Ertel, Wolfgang},
    year = {2008},
    edition = {2016},
    isbn = {978-3-658-13548-5},
    publisher = {Springer Fachmedien, Wiesbaden},
}

@book{kohn2005,
  doi = {10.1007/b138042},
  url = {https://doi.org/10.1007/b138042},
  year = {2005},
  author = {Kohn, Wolfgang},
  publisher = {Springer-Verlag},
  title = {Statistik: Datenanalyse und Wahrscheinlichkeitsrechnung},
}
